@PHDTHESIS {azevedo,
    author = "Maria Isabel da Fonseca e Castro Moreira Azevedo",
    title  = "A Luz como Material Plástico.",
    school = "Departamento de Comunicação e Arte, Universidade de Aveiro",
    year   = "2005",
    type   = "Doutorado",
    url = "https://ria.ua.pt/bitstream/10773/1261/1/2009000678.pdf",
    urlaccessdate = " 03. jun. 2018"
}

@ONLINE {arduino,
    author = "Arduino",
    title  = "What is Arduino?",
    year   = "2018",
    url    = "https://www.arduino.cc/en/Guide/Introduction",
    urlaccessdate = "07 maio 2018"
}

@BOOK {ashley,
    author    = "James Ashley and Jarrett Webb",
    title     = "Beginning Kinect Programming with the Microsoft Kinect SDK",
    publisher = "Apress",
    year      = "2012",
    edition   = "1",
    address = "New York"
}

@PHDTHESIS {boone,
    author = "Silvana Boone",
    title  = "O efêmero tecnológico e a ausência da arte computacional nos acervos brasileiros",
    school = "Programa de Pós-Graduação em Artes Visuais, Instituto de Artes, Universidade Federal do Rio Grande do Sul",
    year   = "2013",
    type   = "Doutorado",
   	totalpages = "197",
    url = "http://hdl.handle.net/10183/83713",
    urlaccessdate = "20 mar. de 2018"
}

@MASTERSTHESIS {caetano,
    author  = "Alexandra Cristina Moreira Caetano",
    title   = "Interface: processos criativos em arte computacional",
    school  = "Departamento de Artes Visuais, Instituto de Artes, Universidade de Brasília",
    type    = "Mestrado",
    address = "Brasília",
    url = "http://www.repositorio.unb.br/handle/10482/7172",
    urlaccessdate = "01 jun. 2018"
}

@MASTERSTHESIS {correia,
    author = "Miguel Medeiros Correia",
    title  = "Reconhecimento de Elementos Gestuais com Kinect",
    year   = "2013",
    type = "Preparação de Mestrado",
    school = "Faculdade de Engenharia, Universidade do Porto",
    url = "https://paginas.fe.up.pt/~ee06160/thesis/wp-content/uploads/2013/03/RelatorioPDI_MiguelCorreia_ee06160.pdf",
    urlaccessdate = "02 maio 2018"
}

@TECHREPORT{lucero,
    author = {Fabricio Alexander Córdova Lucero},
    title = {Detección de robo/abandono de objetos en interiores utilizando cámaras de profundidad},
    pages = {131},
    institution = " Escuela Politécnica Superior, Universidad Autónoma de Madrid",
    year = {2012},
    type = "Projeto de final de curso",
    url = "http://arantxa.ii.uam.es/~jms/pfcsteleco/lecturas/20121212FabricioACordovaLucero.pdf",
    urlaccessdate = "03 jun 2018"
}

@ONLINE {microsoft,
    author = "Microsoft",
    title  = "Kinect for Windows Sensor",
    year   = "2018",
    url    = "http://msdn.microsoft.com/en-us/library/hh855355.aspx",
    urlaccessdate = "02 maio 2018"
}

@article {plaza,
    author       = "Julio Plaza",
    title        = "Arte e Interatividade: Autor - Obra - Recepção",
    journal = "Brasssilpaisssdooofuturoborosss",
    year         = "1990",
    url    = "http://www.revistas.usp.br/ars/article/view/2909/3599",
    urlaccessdate = "01 jun. 2018."
}

@ONLINE {processing,
    author = "Processing",
    title  = "Processing",
    year   = "2018",
    url    = "https://processing.org/",
    urlaccessdate = "01 jun. 2018"
}

@PHDTHESIS {semeler,
    author = "Alberto Marinho Ribas Semeler",
    title  = "Objetos Tecnopoéticos: Transmutações de Imagens do Repulsivo",
    school = "Programa de Pós-­Graduação em Artes Visuais, Instituto de Artes, Universidade Federal do Rio Grande do Sul",
     address = "Porto Alegre",
    year   = "2011",
    type   = "Doutorado em Artes Visuais"
}

@MASTERSTHESIS {soares,
    author = "Ana Cristina de Oliveira Fernanda Soares",
    title  = "A poética da luz na arte contemporânea",
    year   = "2013",
    type = "Mestrado em Criação Artística Contemporânea",
    school = "Departamento de Comunicação e Arte, Universidade de Aveiro",
    url = "http://hdl.handle.net/10773/10340",
    urlaccessdate = "20 maio 2018"
}

@InCollection {domingues,
    author    = "Diana Domingues",
    booktitle     = "A arte no século XXI: A humanização das tecnologias",
    title   = "A humanização das tecnologias pela arte",
    publisher = "Editoria Unesp",
    year      = "1997"
}

@article {venturelli,
    author       = "Suzete Venturelli",
    title        = "Interatividade Computacional",
    journal = "Moringa - Artes do Espetáculo",
    year         = "2011",
    volume = "2", 
    number = "1", 
    pages = "131-139"
}