%% Este arquivo deve ser salvo com a codificação UTF-8,
%% Veja como configurar o Jabref para utilização com o abnTeX2: 
%% https://github.com/abntex/abntex2/wiki/JabRef


@manual{boone,
	Annote = {Este documento {\'e} derivado do \cite{abnt-bibtex-doc}},
	Author = {Silvana Boone},
	Date-Added = {2013-01-09 10:37:45 +0000},
	Date-Modified = {2015-04-27 22:43:38 +0000},
	Organization = {Equipe abnTeX2},
	Title = {O efêmero tecnológico e a ausência da arte computacional nos acervos brasileiros.},
	Url = {http://hdl.handle.net/10183/83713},
	Urlaccessdate = {20 mar. 2018},
	Year = {2013},
	Bdsk-Url-1 = {http://www.abntex.net.br/}}


@misc{limarka,
	Author = {Eduardo de Santana Medeiros Alexandre},
	Date-Added = {Seg Set  5 14:30:25 BRT 2016},
	Date-Modified = {2016-09-05},
	Howpublished = {Página do projeto},
	Title = {Limarka},
	Url = {https://github.com/abntex/limarka},
	Urlaccessdate = {5 de set 2016},
	Year = {2016}}
